<record><leader>00000cas a2200000 a 4500</leader><controlfield tag="001">9614644</controlfield><controlfield tag="008">830616d19511963gu wr ne      0   a0eng c</controlfield><datafield ind1=" " ind2=" " tag="010"><subfield code="a">sn 87062326 </subfield></datafield><datafield ind1=" " ind2=" " tag="040"><subfield code="a">HUH</subfield><subfield code="b">eng</subfield><subfield code="c">HUH</subfield><subfield code="d">DLC</subfield><subfield code="d">OCL</subfield><subfield code="d">NVF</subfield><subfield code="d">DLC</subfield><subfield code="d">OCLCQ</subfield><subfield code="d">OCLCF</subfield><subfield code="d">OCLCO</subfield></datafield><datafield ind1="1" ind2=" " tag="029"><subfield code="a">AU@</subfield><subfield code="b">000024363694</subfield></datafield><datafield ind1=" " ind2=" " tag="042"><subfield code="a">pcc</subfield></datafield><datafield ind1=" " ind2=" " tag="043"><subfield code="a">pogu---</subfield></datafield><datafield ind1="0" ind2="4" tag="245"><subfield code="a">The territorial sun.</subfield></datafield><datafield ind1=" " ind2=" " tag="260"><subfield code="a">Agana, Guam :</subfield><subfield code="b">J. Flores,</subfield><subfield code="c">1951-1963.</subfield></datafield><datafield ind1=" " ind2=" " tag="300"><subfield code="a">v.</subfield></datafield><datafield ind1=" " ind2=" " tag="310"><subfield code="a">Weekly</subfield></datafield><datafield ind1="0" ind2=" " tag="362"><subfield code="a">Vol. 1, no. 1 (Dec. 30, 1951)-v. 10, no. 47 (Dec. 1, 1963).</subfield></datafield><datafield ind1=" " ind2="0" tag="651"><subfield code="a">Guam</subfield><subfield code="v">Newspapers.</subfield></datafield><datafield ind1=" " ind2="0" tag="651"><subfield code="a">Haga&#778;tn&#771;a (Guam)</subfield><subfield code="v">Newspapers.</subfield></datafield><datafield ind1=" " ind2="7" tag="655"><subfield code="a">Newspapers.</subfield><subfield code="2">fast</subfield><subfield code="0">(OCoLC)fst01423814</subfield></datafield><datafield ind1=" " ind2="7" tag="651"><subfield code="a">Guam.</subfield><subfield code="2">fast</subfield><subfield code="0">(OCoLC)fst01202671</subfield></datafield><datafield ind1=" " ind2="7" tag="651"><subfield code="a">Guam</subfield><subfield code="z">Haga&#778;tn&#771;a.</subfield><subfield code="2">fast</subfield><subfield code="0">(OCoLC)fst01216640</subfield></datafield><datafield ind1=" " ind2=" " tag="752"><subfield code="a">United States</subfield><subfield code="b">Mariana Islands</subfield><subfield code="c">Guam</subfield><subfield code="d">Agana.</subfield></datafield><datafield ind1="0" ind2="0" tag="785"><subfield code="t">Territorial sun news and views of the Marianas</subfield><subfield code="w">(DLC)sn 87062205</subfield><subfield code="w">(OCoLC)15744117</subfield></datafield></record>